<record><leader>00000cas a22000007a 4500</leader><controlfield tag="001">14223524</controlfield><controlfield tag="008">860916d194119uutxuwr ne      0    0eng d</controlfield><datafield ind1=" " ind2=" " tag="010"><subfield code="a">sn 86089085 </subfield></datafield><datafield ind1=" " ind2=" " tag="040"><subfield code="a">PPM</subfield><subfield code="b">eng</subfield><subfield code="c">PPM</subfield><subfield code="d">OCLCQ</subfield></datafield><datafield ind1=" " ind2=" " tag="042"><subfield code="a">msc</subfield></datafield><datafield ind1="0" ind2="0" tag="245"><subfield code="a">124th cavalry news.</subfield></datafield><datafield ind1="3" ind2="0" tag="246"><subfield code="a">One hundred twenty fourth calvery news</subfield></datafield><datafield ind1=" " ind2=" " tag="260"><subfield code="a">Fort Brown, Tex. :</subfield><subfield code="b">124th Cavalry Regiment, U.S. Army,</subfield><subfield code="c">1941-</subfield></datafield><datafield ind1=" " ind2=" " tag="300"><subfield code="a">v. :</subfield><subfield code="b">ill.</subfield></datafield><datafield ind1=" " ind2=" " tag="310"><subfield code="a">Weekly</subfield></datafield><datafield ind1="0" ind2=" " tag="362"><subfield code="a">Vol. 1, no. 1 (Mar. 15, 1941)-</subfield></datafield><datafield ind1=" " ind2=" " tag="500"><subfield code="a">Paper moved to Fort Bliss, Tex., Louisiana, and back to Fort Brown with the 124th Cavalry.</subfield></datafield><datafield ind1=" " ind2=" " tag="752"><subfield code="a">United States</subfield><subfield code="b">Texas</subfield><subfield code="c">Cameron</subfield><subfield code="d">Fort Brown.</subfield></datafield><datafield ind1=" " ind2=" " tag="752"><subfield code="a">United States</subfield><subfield code="b">Texas</subfield><subfield code="c">Starr</subfield><subfield code="d">Fort Ringgold.</subfield></datafield><datafield ind1=" " ind2=" " tag="752"><subfield code="a">United States</subfield><subfield code="b">Texas</subfield><subfield code="c">El Paso</subfield><subfield code="d">Fort Bliss.</subfield></datafield></record>